@book{vermesan2014internet,
	title={Internet of Things-From research and innovation to Market Deployment},
	author={Vermesan, Ovidiu and Friess, Peter},
	year={2014},
	publisher={River Publishers}
}

@article{surveyIntelligentVehicule,
	title={A survey of intelligent vehicule applications worldwide},
	author={Richard Bishop},
	year={2000},
	publisher={IEEE}
}

@article{fleetConvoyManagent,
	title={Fleet \& Convoy Management using VANET},
	author={Asim Rasheed AND Haleemah Zia AND Farhan Hashmi AND Umair Hadi AND Warda Naim AND Sana Ajma},
	year={2013},
	publisher={IJournal of Computer networks}
}

@misc {prof,
	title = "Middleware",
	author={Alejandro Quintero},
	year={2016},
	note   = "\url{https://moodle.polymtl.ca/mod/resource/view.php?id=87664}"
}

@misc {REngoulou,
	title = "Sécurisation de VANETS par la méthode de réputation des noeuds",
	author={Richard Gilles Engoulou},
	year={2013},
}

@misc {MMallis,
	title = "Simulations et évaluation des performances du système de réputation pour les VANETS",
	author={Majid Mallis},
	year={2015},
}

@techreport{rfcAODV,
    author={C. Perkins AND E. Belding-Royer AND S. DAS},
    title="Ad hoc On-Demand Distance Vector (AODV) Routing",
    howpublished={Internet Requests for Comments},
    type="{RFC}",
    number=3561,
    year={2003},
    month={july}
}
